@misc{APGASJava,
         title = {{APGAS for Java}, source code},
  howpublished = {\url{http://sf.net/p/x10/code/HEAD/tree/trunk/apgas/}},
          note = {Accessed: 2015-04-10}
}

@inproceedings{MillerETAL13InstantPicklesGeneratingObjectorientedPicklerCombinators,
         title = {Instant pickles: generating object-oriented pickler combinators for fast and extensible serialization},
        author = {Heather Miller and Philipp Haller and Eugene Burmako and Martin Odersky},
     booktitle = {OOPSLA},
          year = {2013},
         pages = {183--202},
     publisher = {{ACM}},
           doi = {10.1145/2509136.2509547},
          link = {http://doi.acm.org/10.1145/2509136.2509547}
}

@inproceedings{MillerHallerOdersky14SporesTypebasedFoundationClosuresAgeConcurrency,
         title = {Spores: {A} Type-Based Foundation for Closures in the Age of Concurrency and Distribution},
        author = {Heather Miller and Philipp Haller and Martin Odersky},
     booktitle = {ECOOP},
          year = {2014},
         pages = {308--333},
     publisher = {Springer},
        series = {LNCS},
        volume = {8586},
           doi = {10.1007/978-3-662-44202-9_13},
          link = {http://dx.doi.org/10.1007/978-3-662-44202-9_13}
}

@inproceedings{TardieuETAL14X10ApgasAtPetascale,
         title = {{X10} and {APGAS} at Petascale},
        author = {Olivier Tardieu and Benjamin Herta and David Cunningham and David Grove and Prabhanjan Kambadur and Vijay A. Saraswat and Avraham Shinnar and Mikio Takeuchi and Mandana Vaziri},
     booktitle = {PPOPP},
          year = {2014},
         pages = {53--66},
     publisher = {{ACM}},
           doi = {10.1145/2555243.2555245},
          link = {http://doi.acm.org/10.1145/2555243.2555245}
}

